<record xmlns="http://www.loc.gov/MARC21/slim">
   <leader>03544cam a2200445 i 4500</leader>
   <controlfield tag="001">6813101</controlfield>
   <controlfield tag="003">CaPaEBR</controlfield>
   <controlfield tag="005">20150127110430.0</controlfield>
   <controlfield tag="006">m    eo  d        </controlfield>
   <controlfield tag="007">cr cn |||m|||a</controlfield>
   <controlfield tag="008">150126s2015    nyua   foab   001 0 eng d</controlfield>
   <datafield ind1=" " ind2=" " tag="020">
      <subfield code="a">9781631572135</subfield>
      <subfield code="q">e-book</subfield>
   </datafield>
   <datafield ind1=" " ind2=" " tag="020">
      <subfield code="z">9781631572128</subfield>
      <subfield code="q">paperback</subfield>
   </datafield>
   <datafield ind1=" " ind2=" " tag="035">
      <subfield code="a">ocn900878654</subfield>
   </datafield>
   <datafield ind1=" " ind2=" " tag="039">
      <subfield code="a">exclude</subfield>
   </datafield>
   <datafield ind1=" " ind2=" " tag="040">
      <subfield code="a">CaBNVSL</subfield>
      <subfield code="b">eng</subfield>
      <subfield code="e">rda</subfield>
      <subfield code="c">CaBNVSL</subfield>
      <subfield code="d">CaBNVSL</subfield>
      <subfield code="d">AEU</subfield>
   </datafield>
   <datafield ind1=" " ind2="4" tag="050">
      <subfield code="a">HF6146.I58</subfield>
      <subfield code="b">B277 2015</subfield>
   </datafield>
   <datafield ind1="0" ind2="4" tag="082">
      <subfield code="a">659.144</subfield>
      <subfield code="2">23</subfield>
   </datafield>
   <datafield ind1=" " ind2=" " tag="090">
      <subfield code="a">Internet Access</subfield>
      <subfield code="b">AEU</subfield>
   </datafield>
   <datafield ind1="1" ind2=" " tag="100">
      <subfield code="a">Barry, Jim.,</subfield>
      <subfield code="e">author.</subfield>
   </datafield>
   <datafield ind1="1" ind2="0" tag="245">
      <subfield code="a">Social content marketing for entrepreneurs /</subfield>
      <subfield code="c">Jim Barry.</subfield>
   </datafield>
   <datafield ind1=" " ind2=" " tag="250">
      <subfield code="a">First edition.</subfield>
   </datafield>
   <datafield ind1=" " ind2="1" tag="264">
      <subfield code="a">New York, New York (222 East 46th Street, New York, NY 10017) :</subfield>
      <subfield code="b">Business Expert Press,</subfield>
      <subfield code="c">2015.</subfield>
   </datafield>
   <datafield ind1=" " ind2=" " tag="300">
      <subfield code="a">1 online resource (xxxi, 286 pages) :</subfield>
      <subfield code="b">illustrations.</subfield>
   </datafield>
   <datafield ind1=" " ind2=" " tag="336">
      <subfield code="a">text</subfield>
      <subfield code="b">txt</subfield>
      <subfield code="2">rdacontent</subfield>
   </datafield>
   <datafield ind1=" " ind2=" " tag="337">
      <subfield code="a">computer</subfield>
      <subfield code="b">c</subfield>
      <subfield code="2">rdamedia</subfield>
   </datafield>
   <datafield ind1=" " ind2=" " tag="338">
      <subfield code="a">online resource</subfield>
      <subfield code="b">cr</subfield>
      <subfield code="2">rdacarrier</subfield>
   </datafield>
   <datafield ind1="1" ind2=" " tag="490">
      <subfield code="a">Digital and social media marketing and advertising collection,</subfield>
      <subfield code="x">2333-8830</subfield>
   </datafield>
   <datafield ind1=" " ind2=" " tag="504">
      <subfield code="a">Includes bibliographical references and index.</subfield>
   </datafield>
   <datafield ind1="0" ind2=" " tag="505">
      <subfield code="a">Educating targets with TRUSTED content -- Escorting prospects with frame-of-mind connections -- SHIPPING content with an emotional twist -- Earning readership with content mastery -- Evangelizing with employee ADVOCATES -- Enchant Influencers through OUTREACH -- Enlist followers with a STAMP -- Expose content that will RUNLAPS -- Empowering brand ambassadors to RESONATE -- Engage communities through CONVERSATION -- E-mail engaging and perpetuating proprietary audiences -- Enabling mobile CUSTOMER experiences -- Enrolling trial users with freemiums -- Future : social content-marketing predictions from a strategic planning perspective.</subfield>
   </datafield>
   <datafield ind1=" " ind2=" " tag="506">
      <subfield code="a">Access restricted to authorized users and institutions.</subfield>
   </datafield>
   <datafield ind1="3" ind2=" " tag="520">
      <subfield code="a">This book will provide a practical overview of how digital content, social media and search engine optimization work together in driving website traffic and sales leads. The goal of the book is to educate readers on the new mindset and social technologies required to drive this traffic in a timely and non-intrusive way. Readers will benefit from a comprehensive but succinct overview of how social networking, search friendly blogging, trustworthy content, contextually-targeted online campaigns and mobile marketing techniques are transforming companies that embrace inbound marketing. Targeted for business professionals and students that are saturated with social technology updates, the book offers a more strategic orientation to these subjects as they relate to sales nurturing and thought leadership. And unlike books that cover social media one platform or technology at a time, this book is organized for readers to master elements of strategy in the order of their implementation. In so doing, it will help order the steps of professionals in the midst of launching new digital marketing initiatives as well as students tasked with completing social media marketing plans.</subfield>
   </datafield>
   <datafield ind1=" " ind2=" " tag="588">
      <subfield code="a">Title from PDF title page (viewed on January 26, 2015).</subfield>
   </datafield>
   <datafield ind1=" " ind2=" " tag="596">
      <subfield code="a">44</subfield>
   </datafield>
   <datafield ind1=" " ind2="0" tag="650">
      <subfield code="a">Internet advertising.</subfield>
   </datafield>
   <datafield ind1=" " ind2="0" tag="650">
      <subfield code="a">Online social networks.</subfield>
   </datafield>
   <datafield ind1=" " ind2="0" tag="830">
      <subfield code="a">Digital and social media marketing and advertising collection.</subfield>
      <subfield code="x">2333-8830</subfield>
   </datafield>
   <datafield ind1="4" ind2="0" tag="856">
      <subfield code="3">University of Alberta Access</subfield>
      <subfield code="u">http://site.ebrary.com/lib/ualbertagep/Doc?id=11007940</subfield>
   </datafield>
   <datafield ind1=" " ind2=" " tag="949">
      <subfield code="h">UAIN</subfield>
      <subfield code="z">EBRARYBEP</subfield>
   </datafield>
   <datafield ind1=" " ind2=" " tag="926">
      <subfield code="a">Internet Access</subfield>
      <subfield code="w">LC</subfield>
      <subfield code="c">1</subfield>
      <subfield code="i">6813101-1001</subfield>
      <subfield code="l">INTERNET</subfield>
      <subfield code="m">UAINTERNET</subfield>
      <subfield code="r">Y</subfield>
      <subfield code="s">Y</subfield>
      <subfield code="t">E-RESOURCE</subfield>
      <subfield code="u">2/27/2015</subfield>
      <subfield code="x">E-BOOK</subfield>
      <subfield code="z">EBRARYBEP</subfield>
   </datafield>
</record>
